@inproceedings{Easley:2013:IGG:2492002.2482571,
 author = {Easley, David and Ghosh, Arpita},
 title = {Incentives, gamification, and game theory: an economic approach to badge design},
 booktitle = {Proceedings of the fourteenth ACM conference on Electronic commerce},
 series = {EC '13},
 year = {2013},
 isbn = {978-1-4503-1962-1},
 location = {Philadelphia, Pennsylvania, USA},
 pages = {359--376},
 numpages = {18},
 url = {http://doi.acm.org/10.1145/2482540.2482571},
 doi = {10.1145/2482540.2482571},
 acmid = {2482571},
 publisher = {ACM},
 address = {New York, NY, USA},
 keywords = {badges, game theory, gamification, incentives, social media, user-generated content},
} 